<?xml version="1.0" encoding="utf-8"?>
<record xmlns="http://www.loc.gov/MARC21/slim" xmlns:xsi="http://www.w3.org/2001/XMLSchema-instance" xsi:schemaLocation="http://www.loc.gov/MARC21/slim http://www.loc.gov/standards/marcxml/schema/MARC21slim.xsd">
	<leader>     nam a22        4500</leader>
	<controlfield tag="001">b12777626</controlfield>
	<controlfield tag="003">LeBAU</controlfield>
	<controlfield tag="006">m        d        </controlfield>
	<controlfield tag="007">cr cn |||m|||a</controlfield>
	<controlfield tag="008">170718s1906    ua      o     ||0 0 ara d</controlfield>
	<datafield ind1=" " ind2=" " tag="040">
		<subfield code="a">NNU</subfield>
		<subfield code="b">ara</subfield>
		<subfield code="e">rda</subfield>
		<subfield code="c">NNU</subfield>
	</datafield>
	<datafield ind1="0" ind2="4" tag="082">
		<subfield code="a">297.34</subfield>
		<subfield code="2">20</subfield>
	</datafield>
	<datafield ind1="1" ind2=" " tag="100">
		<subfield code="6">880-01</subfield>
		<subfield code="a">Ibn Ghānim, ʻIzz al-Dīn ʻAbd al-Salām ibn Aḥmad,</subfield>
		<subfield code="d">-1279?,</subfield>
		<subfield code="e">author.</subfield>
	</datafield>
	<datafield ind1="1" ind2="0" tag="245">
		<subfield code="6">880-02</subfield>
		<subfield code="a">Kitāb Taflīs Iblīs li-yakshif lil-nāẓir fīhi Talbīs Ablīs fa-yumayyizu bayna al-khasīs wa-al-nafīs /</subfield>
		<subfield code="c">ta’līf al-Imām ‘Izz al-Dīn ibn Ghānim al-Maqdisī al-mutawaffá sanat 978 Hijrīyah. Wa-yalīhi Qaṣīdah fī ḥukm mas’alat al-qaḍā’ wa-al-qadar / li-Shaykh al-Islām ibn Taymīyah al-mutawaffá sanat 728 Hijrīyah.</subfield>
	</datafield>
	<datafield ind1="3" ind2="0" tag="246">
		<subfield code="6">880-03</subfield>
		<subfield code="a">Taflīs Iblīs li-yakshifa lil-nāẓir fīhi talbīs ablīs fa-yumayyizu bayna al-khasīs wa-al-nafīs</subfield>
	</datafield>
	<datafield ind1=" " ind2="1" tag="264">
		<subfield code="6">880-04</subfield>
		<subfield code="a">al-Qāhirah :</subfield>
		<subfield code="b">Maṭba‘at wa-Madrasat Wālidat ‘Abbās al-Awwal,</subfield>
		<subfield code="c">1323 H. = 1906 M.</subfield>
	</datafield>
	<datafield ind1=" " ind2=" " tag="300">
		<subfield code="6">880-05</subfield>
		<subfield code="a">online resource (47 pages)</subfield>
	</datafield>
	<datafield ind1=" " ind2=" " tag="336">
		<subfield code="a">text</subfield>
		<subfield code="2">rdacontent</subfield>
	</datafield>
	<datafield ind1=" " ind2=" " tag="337">
		<subfield code="a">computer</subfield>
		<subfield code="2">rdamedia</subfield>
	</datafield>
	<datafield ind1=" " ind2=" " tag="338">
		<subfield code="a">online resource</subfield>
		<subfield code="2">rdacarrier</subfield>
	</datafield>
	<datafield ind1=" " ind2=" " tag="500">
		<subfield code="a">&quot;طبع ونشر بمعرفة السيد محمود أفندي رياض&quot;--صفحة العنوان.</subfield>
	</datafield>
	<datafield ind1=" " ind2=" " tag="500">
		<subfield code="a">Part of the Arabic Collections Online (ACO) project, contributed by American University of Beirut's Jafet Memorial Library.</subfield>
	</datafield>
	<datafield ind1=" " ind2=" " tag="533">
		<subfield code="a">Electronic reproduction.</subfield>
		<subfield code="b">New York, N.Y. :</subfield>
		<subfield code="c">New York University,</subfield>
		<subfield code="d">2017.</subfield>
		<subfield code="5">NNU</subfield>
	</datafield>
	<datafield ind1="1" ind2="4" tag="600">
		<subfield code="a">ابن الجوزي، ابو الفرج عبد الرحمن بن علي،</subfield>
		<subfield code="d">حوالى 1116-1201.</subfield>
		<subfield code="t">تلبيس أبليس.</subfield>
	</datafield>
	<datafield ind1="1" ind2="0" tag="600">
		<subfield code="a">Ibn al-Jawzī, Abū al-Faraj ʻAbd al-Raḥmān ibn ʻAlī,</subfield>
		<subfield code="d">approximately 1116-1201.</subfield>
		<subfield code="t">Talbīs Ablīs.</subfield>
	</datafield>
	<datafield ind1=" " ind2="4" tag="650">
		<subfield code="a">ابليس.</subfield>
	</datafield>
	<datafield ind1=" " ind2="4" tag="650">
		<subfield code="a">القضاء والقدر.</subfield>
	</datafield>
	<datafield ind1=" " ind2="0" tag="650">
		<subfield code="a">Devil.</subfield>
	</datafield>
	<datafield ind1=" " ind2="0" tag="650">
		<subfield code="a">Fate and fatalism.</subfield>
	</datafield>
	<datafield ind1="1" ind2="2" tag="700">
		<subfield code="6">880-06</subfield>
		<subfield code="a">Ibn Taymīyah, Aḥmad ibn ʻAbd al-Ḥalīm,</subfield>
		<subfield code="d">1263-1328.</subfield>
		<subfield code="t">Fī ḥukm mas’alat al-qaḍā’ wa-al-qadar.</subfield>
	</datafield>
	<datafield ind1="2" ind2=" " tag="710">
		<subfield code="a">Jafet Memorial Library.</subfield>
	</datafield>
	<datafield ind1="0" ind2=" " tag="730">
		<subfield code="a">Arabic Collections Online.</subfield>
	</datafield>
	<datafield ind1="0" ind2="8" tag="776">
		<subfield code="i">Print version:</subfield>
		<subfield code="a">Ibn Ghānim, ʻIzz al-Dīn ʻAbd al-Salām ibn Aḥmad, -1279?, author.</subfield>
		<subfield code="t">Kitāb Taflīs Iblīs li-yakshif lil-nāẓir fīhi Talbīs Ablīs fa-yumayyizu bayna al-khasīs wa-al-nafīs</subfield>
		<subfield code="w">(LeBAU)b12777626</subfield>
	</datafield>
	<datafield ind1="4" ind2="0" tag="856">
		<subfield code="u">http://hdl.handle.net/2333.1/bnzs7nw4</subfield>
	</datafield>
	<datafield ind1="1" ind2=" " tag="880">
		<subfield code="6">100-01/(3/r</subfield>
		<subfield code="a">ابن غانم، عز الدين عبد السلام بن احمد،</subfield>
		<subfield code="d">-1279؟،</subfield>
		<subfield code="e">مؤلف. </subfield>
		<subfield code="4">aut.</subfield>
	</datafield>
	<datafield ind1="1" ind2="0" tag="880">
		<subfield code="6">245-02/(3/r</subfield>
		<subfield code="a">كتاب تفليس إبليس ليكشف للناظر فيه تلبيس أبليس فيميز بين الخسيس و النفيس /</subfield>
		<subfield code="c">تأليف الإمام عز الدين بن غانم المقدسي المتوفى سنة 978 هجرية. ويليه قصيدة في حكم مسئلة القضاء والقدر / لشيخ الإسلام إبن تيمية المتوفى سنة 728 هجرية.</subfield>
	</datafield>
	<datafield ind1="3" ind2="0" tag="880">
		<subfield code="6">246-03/(3/r</subfield>
		<subfield code="a">تفليس إبليس ليكشف للناظر فيه تلبيس أبليس فيميز بين الخسيس و النفيس</subfield>
	</datafield>
	<datafield ind1=" " ind2="1" tag="880">
		<subfield code="6">264-04/(3/r</subfield>
		<subfield code="a">القاهرة :</subfield>
		<subfield code="b">مطبعة ومدرسة والدة عباس الأول،</subfield>
		<subfield code="c">1323 هـ. = 1906 م.</subfield>
	</datafield>
	<datafield ind1=" " ind2=" " tag="880">
		<subfield code="6">300-05/(3/r</subfield>
		<subfield code="a">47 صفحة ؛</subfield>
		<subfield code="c">19 سم</subfield>
	</datafield>
	<datafield ind1="1" ind2="2" tag="880">
		<subfield code="6">700-06/(3/r</subfield>
		<subfield code="a">ابن تيمية، احمد بن عبد الحليم،</subfield>
		<subfield code="d">1263-1328.</subfield>
		<subfield code="t">في حكم مسئلة القضاء والقدر.</subfield>
	</datafield>
	<datafield ind1=" " ind2=" " tag="959">
		<subfield code="a">NNU</subfield>
		<subfield code="b">WEB</subfield>
		<subfield code="c">GENI</subfield>
		<subfield code="t">0</subfield>
		<subfield code="m">Electronic access</subfield>
		<subfield code="s">01</subfield>
	</datafield>
	<datafield ind1=" " ind2=" " tag="999">
		<subfield code="i">LeBAU_b12777626</subfield>
		<subfield code="s">aub_aco001096</subfield>
		<subfield code="e">(ERROR-MISC)</subfield>
	</datafield>
</record>
